@online{nyquist,
    author = "Texas Instruments Incorporated",
    title = "AN-236 An Introduction to the Sampling Theorem",
    url  = "http://www.ti.com/lit/an/snaa079c/snaa079c.pdf",
    addendum = "(Acessado: 21.07.2021)",
    year = 2004,
    keywords  = "Nyquist, sampling"
}

@online{kuo,
    author = {Augustine Kuo},
    title = "Time-Domain Analog Design: Why and How",
    url  = "https://www.design-reuse.com/articles/48067/time-domain-analog-design-why-and-how.html",
    addendum = "(Acessado: 20.10.2010)",
    year = 2019,
    keywords  = "Time-domain"
}

@inbook{artElectronics,
	Author = {Paul Horowitz, Winfield Hill},
	Booktitle = {The Art of Electronics},
	Pages = {900-902},
	Publisher = {Cambridge University Press},
	Title = {Analog-to-digital converters},
	Year = {2015},
  chapter = "1.2"
}

@mastersthesis{Shivani,
  author  = {Shivani Parmar},
  title   = {Fully Digital Time Domain Multiplier},
  school  = {Dalhousie University},
  year    = {2017}
}

@inbook{Oppenheim,
  author         = {Alan Oppenheim, Ronald Schafer, John Buck},
  editor         = {Prentice Hall},
  title          = {Discrete-Time Signal Processing},
  chapter        = {2.9},
  pages          = {60},
  publisher      = {Prentice-Hall},
  year           = {1999}
}

@inbook{Fei,
  author         = {Fei Yuan},
  editor         = {Fei Yuan},
  title          = {CMOS Time-Mode Circuits and Systems},
  chapter        = {},
  pages          = {},
  publisher      = {CRC Press},
  year           = {2016}
}

@inbook{Baker,
  author         = {R. Jacob Backer},
  editor         = {IEEE Press Editorial Board},
  title          = {CMOS - Circuit Design, Layout, and Simulation},
  chapter        = {2.9},
  pages          = {60},
  publisher      = {IEEE Press},
  year           = {2016}
}

@inbook{Sze,
  author         = {S. M. Sze, Kwok K. Ng},
  editor         = {John Wiley},
  title          = {Physics of Semiconductor Devices},
  chapter        = {2.4},
  pages          = {107},
  publisher      = {Wiley-Interscience},
  year           = {2007},
  
}